<record xmlns="http://www.openarchives.org/OAI/2.0/" xmlns:xsi="http://www.w3.org/2001/XMLSchema-instance"><header><identifier>oai:alma.34CSIC_INST:9917880699904201</identifier><datestamp>2020-03-05T10:57:15Z</datestamp><setSpec>manuscripta</setSpec></header><metadata><record xmlns="http://www.loc.gov/MARC21/slim" xmlns:xsi="http://www.w3.org/2001/XMLSchema-instance" xsi:schemaLocation="http://www.loc.gov/MARC21/slim http://www.loc.gov/standards/marcxml/schema/MARC21slim.xsd"><leader>03496ntm a2200313 i 4500</leader><controlfield tag="005">20200305113848.0</controlfield><controlfield tag="008">101028sn       sp            000 0 ara d</controlfield><controlfield tag="001">9917880699904201</controlfield><datafield tag="035" ind1=" " ind2=" "><subfield code="a">CSIC9917880699904201</subfield></datafield><datafield tag="040" ind1=" " ind2=" "><subfield code="a">ES-MaCSI</subfield><subfield code="b">spa</subfield></datafield><datafield tag="245" ind1="1" ind2="0"><subfield code="a">Abū Ŷaʻfar Aḥmad b. Saʻīd b. Musāʻid se compromete a pagar a Aḥmad b. ʻAlī b. Muḥammad 20 dinares</subfield><subfield code="h">[Manuscrito]</subfield></datafield><datafield tag="260" ind1=" " ind2=" "><subfield code="a">[S. l.],</subfield><subfield code="c">851 [1448].</subfield></datafield><datafield tag="300" ind1=" " ind2=" "><subfield code="a">1  f.</subfield><subfield code="c">17,5 X 11 cm.</subfield></datafield><datafield tag="490" ind1="1" ind2=" "><subfield code="a">Manuscripta</subfield></datafield><datafield tag="500" ind1=" " ind2=" "><subfield code="a">أوله : بسم الله الرحمن الرحيم صلى الله على محمد وسلم باع بال وجب لابي جعفر احمد بن سعيد ابن مساعد قبل احمد بن علي بن محمد [...]</subfield></datafield><datafield tag="500" ind1=" " ind2=" "><subfield code="a">آخره :  وعرفا قدره وشهدا من عرفه بحال صحة وجواز في اليوم [الثلاث والعشرين؟] لدي حجة متم احد وخمسين وثمانماية وله نظير</subfield></datafield><datafield tag="500" ind1=" " ind2=" "><subfield code="a">Se encontraba en una carpeta con el título Antigua Colección "Luque", dentro de una carpetilla donde está escrito: Universidad B. Antigua Colección "Luque" nos. 11, 71, 91, 95 y 107</subfield></datafield><datafield tag="505" ind1="1" ind2=" "><subfield code="a">Abū Ŷaʻfar Aḥmad b. Saʻīd b. Musāʻid se compromete a pagar 20 dinares de oro al cambio de plata corriente a Aḥmad b. ʻAlī b. Muhammad en el plazo de 10 [meses] a contar desde el momento de la firma de este documento</subfield></datafield><datafield tag="518" ind1=" " ind2=" "><subfield code="a">¿23? de ḏū l-ḥiŷŷa de 851 / ¿29? de febrero de 1448</subfield></datafield><datafield tag="546" ind1=" " ind2=" "><subfield code="a">Arabe</subfield><subfield code="b">Escritura magrebí cursiva</subfield></datafield><datafield tag="500" ind1=" " ind2=" "><subfield code="a">Material: Papel</subfield></datafield><datafield tag="500" ind1=" " ind2=" "><subfield code="a">Tinta: Negra</subfield></datafield><datafield tag="500" ind1=" " ind2=" "><subfield code="a">Hay una cuartilla con unas líneas del documento transcritas a mano</subfield></datafield><datafield tag="541" ind1=" " ind2=" "><subfield code="a">Procedencia: desconocida</subfield></datafield><datafield tag="500" ind1=" " ind2=" "><subfield code="a">En el verso: 107 - Luque</subfield></datafield><datafield tag="583" ind1=" " ind2=" "><subfield code="a">Catalogación de María Dolores Rodríguez (UGR) y Amalia Zomeño (ILC, CSIC) en el marco del proyecto de investigación "La Granada nazarí en el siglo XV: microhistoria de una entidad islámica en Occidente" (FFI2016-79252-P), AEI/FEDER, EU, dirigido desde la Escuela de Estudios Árabes.</subfield></datafield><datafield tag="773" ind1="1" ind2=" "><subfield code="w">9917876698104201</subfield><subfield code="t">Documentos árabes</subfield><subfield code="h">[Manuscrito]</subfield></datafield><datafield tag="830" ind1=" " ind2="0"><subfield code="a">Manuscripta</subfield></datafield><datafield tag="856" ind1="4" ind2="1"><subfield code="u">http://simurg.bibliotecas.csic.es/viewer/image/9917880699904201/1/</subfield><subfield code="z">Ver el documento en SIMURG, el portal de fondos digitalizados del CSIC</subfield></datafield></record></metadata></record>